<?xml version="1.0" encoding="UTF-8"?><collection xmlns="http://www.loc.gov/MARC21/slim"><record><leader>00346nam--2200133-i-4500</leader><controlfield tag="001">000027146</controlfield><controlfield tag="002">20161230</controlfield><controlfield tag="005">20161230201036</controlfield><controlfield tag="008">060222s1000------------r-----000-0-eng-d</controlfield><datafield ind1=" " ind2=" " tag="080"><subfield code="a">621.382.2</subfield></datafield><datafield ind1=" " ind2=" " tag="100"><subfield code="a">Kocsis, Miklos</subfield></datafield><datafield ind1=" " ind2=" " tag="245"><subfield code="a">High-speed silicon planar-epitaxial. switching diodes</subfield></datafield><datafield ind1=" " ind2=" " tag="260"><subfield code="a">London, Adam Hilger, 1976, 177p</subfield></datafield><datafield ind1=" " ind2=" " tag="852"><subfield code="a">45592</subfield></datafield></record></collection>